<?xml version="1.0" encoding="UTF-8"?><record xmlns="http://www.loc.gov/MARC21/slim" xmlns:cinclude="http://apache.org/cocoon/include/1.0" xmlns:zs="http://www.loc.gov/zing/srw/">
  <leader>00895cz  a2200181n  4500</leader>
  <controlfield tag="001">n  92105893 </controlfield>
  <controlfield tag="003">DLC</controlfield>
  <controlfield tag="005">19921029090215.3</controlfield>
  <controlfield tag="008">921028n| acacbaaa|          |a ana |||  </controlfield>
  <datafield tag="010" ind1=" " ind2=" ">
    <subfield code="a">n  92105893 </subfield>
  </datafield>
  <datafield tag="040" ind1=" " ind2=" ">
    <subfield code="a">DLC</subfield>
    <subfield code="c">DLC</subfield>
    <subfield code="d">DLC</subfield>
  </datafield>
  <datafield tag="130" ind1=" " ind2="0">
    <subfield code="a">Africanus Horton memorial lecture</subfield>
  </datafield>
  <datafield tag="410" ind1="2" ind2="0">
    <subfield code="a">University of Edinburgh.</subfield>
    <subfield code="b">Centre of African Studies.</subfield>
    <subfield code="t">Africanus Horton memorial lecture</subfield>
  </datafield>
  <datafield tag="410" ind1="2" ind2="0">
    <subfield code="a">Fourah Bay College.</subfield>
    <subfield code="t">Africanus Horton memorial lecture</subfield>
  </datafield>
  <datafield tag="430" ind1=" " ind2="0">
    <subfield code="a">Horton memorial lecture</subfield>
  </datafield>
  <datafield tag="643" ind1=" " ind2=" ">
    <subfield code="a">Edinburgh</subfield>
    <subfield code="b">Centre of African Studies, University of Edinburgh</subfield>
  </datafield>
  <datafield tag="667" ind1=" " ind2=" ">
    <subfield code="a">Give as a quoted note if not already recorded in the body of the entry.</subfield>
  </datafield>
  <datafield tag="670" ind1=" " ind2=" ">
    <subfield code="a">Foray, C.P. The road to the one-party state, 1988?</subfield>
    <subfield code="b">t.p. (Africanus Horton memorial lecture) p. [2] of cover (sponsored jointly by the Centre of African Studies, University of Edinburgh [and] Fourah Bay College, University of Sierra Leone)</subfield>
  </datafield>
</record>